@misc{PrimeraPrueba,
  author       = {Isabel Fuentes and Vicente Montesinos},
  title        = {Reporte Pruebas PiezoPulse en Schussler S.A. 24/05},
  year         = {2025},
  howpublished = {\url{https://github.com/mzvic/Piezopulse/blob/main/20250524PruebaSchussler/tex/main.pdf}},
  note         = {PDF disponible en GitHub},
  urldate      = {2025-06-19}
}
@misc{CodigoArduino,
  author       = {Vicente Montesinos},
  title        = {Código Arduino - Prueba Básquet UdeC},
  year         = {2025},
  howpublished = {\url{https://github.com/mzvic/Piezopulse/blob/main/20250608PruebaBasquetUdec/arduino_code/arduino_code.ino}},
  note         = {Código fuente disponible en GitHub},
  urldate      = {2025-06-19}
}
