@misc{pp,
  author = {Vicente, A.M.Z.},
  title = {Piezopulse Data},
  year = {2025},
  publisher = {GitHub},
  journal = {GitHub repository},
  howpublished = {\url{https://github.com/mzvic/Piezopulse}},
  commit = {139a056b413fea6309fc6aff419420ad5c2312db}
}